<?xml version = "1.0" encoding = "UTF-8"?>
<record xmlns:xsi="http://www.w3.org/2001/XMLSchema-instance" xmlns="http://www.ddb.de/professionell/mabxml/mabxml-1.xsd">

	$if(record.leader)$<leader>$record.leader$</leader>$endif$
	
	$if(record.LDR)$<controlfield tag="LDR">$record.LDR$</controlfield>$endif$
    
	$if(record.FMT)$<controlfield tag="FMT">$record.FMT$</controlfield>$endif$

	$if(record.id)$<datafield tag="001" ind1="-" ind2="1">
	<subfield code="a">$record.id$</subfield>
</datafield>$endif$

	$if(record.datumDerErsterfassung)$<datafield tag="002" ind1="a" ind2="1">
	<subfield code="a">$record.datumDerErsterfassung$</subfield>
</datafield>$endif$

	$if(record.datumLetzteKorrektur)$<datafield tag="003" ind1="-" ind2="1">
	<subfield code="a">$record.datumLetzteKorrektur$</subfield>
</datafield>$endif$

	$if(record.id)$<datafield tag="026" ind1="-" ind2="1">
	<subfield code="a">HBZ$record.id$</subfield>
</datafield>$endif$

	$if(record.angabenZumDatensatz)$<controlfield tag="030">$record.angabenZumDatensatz$</controlfield>$endif$
	
	$if(record.laenderCodeDINEN23166)$<datafield tag="036" ind1="a" ind2="1">
	<subfield code="a">$record.laenderCodeDINEN23166$</subfield>
</datafield>$endif$

	$if(record.sprachenCodeDIN2335)$<datafield tag="037" ind1="b" ind2="1">
	<subfield code="a">$record.sprachenCodeDIN2335$</subfield>
</datafield>$endif$

	$if(record.datentraeger)$<controlfield tag="050">$record.datentraeger$</controlfield>$endif$
	
	$if(record.veroeffentlichungsSpezifischeAngabenString)$<controlfield tag="051">$record.veroeffentlichungsSpezifischeAngabenString$</controlfield>$endif$

	$if(record.identifizierungsmerkmalInstitution)$<datafield tag="070" ind1="-" ind2="1">
	<subfield code="a">$record.identifizierungsmerkmalInstitution$</subfield>
</datafield>$endif$
					
	$if(record.edowebMarker)$<datafield tag="078" ind1="r" ind2="1">
	<subfield code="a">$record.edowebMarker$</subfield>
</datafield>$endif$
				
	$if(person1)$<datafield tag="100" ind1="-" ind2="1">
	<subfield code="p">$person1.nameVerweisungsform$</subfield>
	<subfield code="9">$person1.id$</subfield>
</datafield>$endif$

	$if(person2)$<datafield tag="104" ind1="-" ind2="1">
	<subfield code="p">$person2.nameVerweisungsform$</subfield>
	<subfield code="9">$person2.id$</subfield>
</datafield>$endif$

	$if(person3)$<datafield tag="108" ind1="-" ind2="1">
	<subfield code="p">$person3.nameVerweisungsform$</subfield>
	<subfield code="9">$person3.id$</subfield>
</datafield>$endif$

	$if(corporateBody1)$<datafield tag="200" ind1="-" ind2="1">
	<subfield code="p">$corporateBody1.nameVerweisungsform$</subfield>
	<subfield code="9">$corporateBody1.id$</subfield>
</datafield>$endif$

	$if(corporateBody2)$<datafield tag="204" ind1="-" ind2="1">
	<subfield code="p">$corporateBody2.nameVerweisungsform$</subfield>
	<subfield code="9">$corporateBody2.id$</subfield>
</datafield>$endif$

	$if(corporateBody3)$<datafield tag="208" ind1="-" ind2="1">
	<subfield code="p">$corporateBody3.nameVerweisungsform$</subfield>
	<subfield code="9">$corporateBody3.id$</subfield>
</datafield>$endif$

	$if(record.hauptsachtitelAnsetzung)$<datafield tag="310" ind1="-" ind2="1">
	<subfield code="a">$record.hauptsachtitelAnsetzung$</subfield>
</datafield>$endif$

	$if(record.hauptsachtitelVorlage)$<datafield tag="331" ind1="-" ind2="1">
	<subfield code="a">$record.hauptsachtitelVorlage$</subfield>
</datafield>$endif$

	$if(record.allgemeineMaterialbenennung)$<datafield tag="334" ind1="-" ind2="1">
	<subfield code="a">$record.allgemeineMaterialbenennung$</subfield>
</datafield>$endif$

	$if(record.ersterVerlagsort)$<datafield tag="410" ind1="-" ind2="1">
	<subfield code="a">$record.ersterVerlagsort$</subfield>
</datafield>$endif$
						
	$if(record.erscheinungsjahrAnsetzung)$<datafield tag="425" ind1="-" ind2="1">
	<subfield code="a">$record.erscheinungsjahrAnsetzung$</subfield>
</datafield>$endif$
					
	$if(record.umfang)$<datafield tag="433" ind1="-" ind2="1">
	<subfield code="a">$record.umfang$</subfield>
</datafield>$endif$

	$if(record.gesamttitelMitZaehlungDerStuecktitel)$<datafield tag="451" ind1="-" ind2="1">
	<subfield code="a">$record.gesamttitelMitZaehlungDerStuecktitel$</subfield>
</datafield>$endif$

	$if(record.idGesamttitel)$<datafield tag="453" ind1="-" ind2="1">
	<subfield code="a">$record.idGesamttitel$</subfield>
</datafield>$endif$
						
	<datafield tag="652" ind1="a" ind2="1">
		<subfield code="a">Archivierte Online-Ressource</subfield>
	</datafield>
				
	$if(record.urn)$<datafield tag="552" ind1="b" ind2="1">
	<subfield code="a">$record.urn$</subfield>
</datafield>$endif$

	$if(record.archivierteOnlineResource)$<datafield tag="652" ind1="a" ind2="1">
	<subfield code="a">$record.archivierteOnlineResource$</subfield>
</datafield>$endif$

	$if(record.httpAdresse)$<datafield tag="655" ind1="e" ind2="1">
	<subfield code="u">$record.httpAdresse$</subfield>
	<subfield code="x">kostenfrei</subfield>
	<subfield code="x">Langzeitarchvierung</subfield>
	<subfield code="g">$record.urn$</subfield>
</datafield>$endif$

	$if(record.klassifikationRpb)$<datafield tag="700" ind1="l" ind2="1">
	<subfield code="a">$record.klassifikationRpb$</subfield>
</datafield>$endif$

	$if(record.klassifikationDnb)$<datafield tag="700" ind1="d" ind2="1">
	<subfield code="a">$record.klassifikationDnb$</subfield>
</datafield>$endif$

	$if(record.klassifikationDdc)$<datafield tag="700" ind1="b" ind2="1">
	<subfield code="a">$record.klassifikationDdc$</subfield>
</datafield>$endif$

</record>